<?xml version="1.0" encoding="UTF-8"?><collection xmlns="http://www.loc.gov/MARC21/slim"><record><leader>00420nam--2200121-i-4500</leader><controlfield tag="001">000014584</controlfield><controlfield tag="002">20161230</controlfield><controlfield tag="005">20161230201030</controlfield><controlfield tag="008">060222s1000------------r-----000-0-eng-d</controlfield><datafield ind1=" " ind2=" " tag="080"><subfield code="a">62(083.7)</subfield></datafield><datafield ind1=" " ind2=" " tag="245"><subfield code="a">Catalog de fise tehnice ale proiectelor de uni cate, pentru investitii, autoutilitare. grupa 305. armaturi metalice industriale (si standu ri de proba aferente)</subfield></datafield><datafield ind1=" " ind2=" " tag="260"><subfield code="a">Bucuresti, Oidcm, 1979. 84 P</subfield></datafield><datafield ind1=" " ind2=" " tag="852"><subfield code="a">D.2141</subfield></datafield></record></collection>